%% Referencing
%% See https://www.bibtex.com/e/entry-types/
%% for Complete list of BibTeX entry types [with examples] - BibTeX.com
%% To validate: https://biblatex-linter.herokuapp.com/validate

%%%%%%%%%%%%%%%%%%%%%%%%%%%%%%%%%
%% INTRODUCTION AND OBJECTIVES %%
%%%%%%%%%%%%%%%%%%%%%%%%%%%%%%%%%

%%%%%%%%%%%%%%%%%%%%%%%%%%%%%%%%%
%% CONTEXT / LITERATURE REVIEW %%
%%%%%%%%%%%%%%%%%%%%%%%%%%%%%%%%%

% 1.

% https://nyaspubs.onlinelibrary.wiley.com/doi/10.1111/nyas.14593
% From convolutional neural networks to models of higher-level cognition (and back again)

% From convolutional neural networks to models of higher-level cognition (and back again) 

% TODO1 put in bibtex format
% TODO2 add three citations from Richard Evans' chat



%%%%%%%%%%%%%
%% METHODS %%
%%%%%%%%%%%%%

%%%%%%%%%%%%%
%% RESULTS %%
%%%%%%%%%%%%%

%%%%%%%%%%%%%%%%
%% EVALUATION %%
%%%%%%%%%%%%%%%%